@article{martin2000design,
  title={Design principles and design patterns},
  author={Martin, R.C.},
  journal={Object Mentor},
  year={2000},
  url={http://staff.cs.utu.fi/staff/jouni.smed/doos_06/material/DesignPrinciplesAndPatterns.pdf}
}
